<?xml version="1.0" encoding="UTF-8"?><collection><record><leader>05629ntm a2200553 a 4500</leader><controlfield tag="001">006837258</controlfield><controlfield tag="003">MiAaHDL</controlfield><controlfield tag="005">20190719000000.0</controlfield><controlfield tag="006">m        d        </controlfield><controlfield tag="007">cr bn ---auaua</controlfield><controlfield tag="008">090709s18uu    xx            00| ||per d</controlfield><datafield tag="035" ind1=" " ind2=" "><subfield code="a">(MiU)006837258</subfield></datafield><datafield tag="035" ind1=" " ind2=" "><subfield code="a">sdr-miu006837258</subfield></datafield><datafield tag="040" ind1=" " ind2=" "><subfield code="a">MiU</subfield><subfield code="c">MiU</subfield><subfield code="e">amremm</subfield></datafield><datafield tag="043" ind1=" " ind2=" "><subfield code="a">n-us-mi</subfield></datafield><datafield tag="100" ind1="0" ind2=" "><subfield code="6">880-01</subfield><subfield code="a">Maḥmūd Ṭāhir Ghazālī,</subfield><subfield code="d">fl. 14th cent. ?</subfield></datafield><datafield tag="245" ind1="1" ind2="0"><subfield code="6">880-03</subfield><subfield code="a">Risālah-i Maʻrifat al-maẕāhib,</subfield><subfield code="f">[19th century?].</subfield></datafield><datafield tag="246" ind1="3" ind2=" "><subfield code="i">Title from inscription on back flyleaf (p.26):</subfield><subfield code="a">Risâla i maʻrifat ul mazâhib</subfield></datafield><datafield tag="246" ind1="3" ind2=" "><subfield code="i">Title from inscription on front flyleaf (p.1) and blank opening leaf (p.3):</subfield><subfield code="a">رساله معرفت المذاهب</subfield></datafield><datafield tag="246" ind1="3" ind2=" "><subfield code="i">Title from label on upper cover:</subfield><subfield code="a">رساله معرفت المذاهب</subfield></datafield><datafield tag="260" ind1=" " ind2=" "><subfield code="c">[18--?].</subfield></datafield><datafield tag="300" ind1=" " ind2=" "><subfield code="a">11 leaves :</subfield><subfield code="b">paper ;</subfield><subfield code="c">155 x 108 (132 x 80) mm.</subfield></datafield><datafield tag="500" ind1=" " ind2=" "><subfield code="a">Shelfmark: Ann Arbor, University of Michigan, Special Collections Library, Isl. Ms. 874</subfield></datafield><datafield tag="500" ind1=" " ind2=" "><subfield code="a">Origin: Lacks dated colophon ; paper, etc. would suggest 19th or possibly early 20th century.</subfield></datafield><datafield tag="500" ind1=" " ind2=" "><subfield code="a">Accompanying materials: a. Slip with description in hand of G. Meredith-Owens "MO 9 Risāleh-i maʻrifat al-maẕāhib | A religious work (on the various sects etc.) by Maḥmūd Ṭāhir Ghazzālī. Undated" -- b. Recycled card with notes in pencil "Indian ms. &amp; binding | blue paper is typical of Indian book production / per Emilie Savage-Smith" -- c. Slip with note "Persian MSS (Heyworth-Dunne?) with Meredith-Owens notes" -- d. Slip with "n. f." [i.e. not found, likely in hand of E. Husselman] -- e. Slip with note "counted for 1968/69 Annual Report" -- f. Tipped in just inside upper cover, slip with verse from the Qurʼān (Sūrat al-Aḥzāb verse 72, 33:72) with English translation (that of George Sale) and citation "vid: Sales Koran Vol.2 ch: 33 p.285"</subfield></datafield><datafield tag="500" ind1=" " ind2=" "><subfield code="a">Former shelfmark: Mich. Isl. Ms. temp. no. 23</subfield></datafield><datafield tag="500" ind1=" " ind2=" "><subfield code="a">Binding: Boards covered in dark green cloth with brown leather over spine and board corners in brown cloth (half-binding) ; Western style binding ; pastedowns and flyleaves in untinted laid paper ; sewn in heavy white thread, three stations ; overall in fair condition with abrasion, lifting and losses of spine leather, staining, etc.</subfield></datafield><datafield tag="500" ind1=" " ind2=" "><subfield code="a">Support: European laid paper with 8 laid lines per cm. (horizontal), chain lines spaced 26 mm. apart (vertical), and watermark of scrollwork with crown above and "G M" below as well as "ALMASSO" (see p.10, 14, 15, 19, etc.), thin and transluscent though sturdy, tinted blue.</subfield></datafield><datafield tag="500" ind1=" " ind2=" "><subfield code="a">Decoration: Keywords, section headings and abbreviation symbols (mainly two-teeth mark over keywords) rubricated ; written area surrounded by double rule-border in red ; tables at close on pp.23-24.</subfield></datafield><datafield tag="500" ind1=" " ind2=" "><subfield code="a">Script: Nastaʻlīq ; quick hand in a medium line ; mainly serifless with marked effect of tilt to the right, slight effect of words descending to baseline, elongation of horizontal strokes, freely ligatured, pointing in strokes rather than distinct dots ; passages in Arabic (Qurʼānic excerpts, etc.) in a crude 'naskh'.</subfield></datafield><datafield tag="500" ind1=" " ind2=" "><subfield code="a">Layout: Written in 17 lines per page ; frame-ruled.</subfield></datafield><datafield tag="500" ind1=" " ind2=" "><subfield code="a">Collation: i, V+1, i (11) ; catchwords present ; pagination in red ink, Hindu-Arabic numerals ; pagination in pencil, Western numerals, supplied during digitization (includes flyleaves).</subfield></datafield><datafield tag="500" ind1=" " ind2=" "><subfield code="a">Explicit: "... بیان هفتاد و دو گروه باطل اینست که بسمع مبارک سنیان پاک دین و متابعان حضرت نبوی صلی الله و علیه و سلم و سروران اصحاب بزرگوار و محبان چهار یار و مشایخ کبار رسانیده شد باید که از این چیزهای مخالف مذهب خود پرهیز کنند تا سعادت یابند تخته بر هفتاد و دو ملت محمدی مختصر کرده است ..."</subfield></datafield><datafield tag="500" ind1=" " ind2=" "><subfield code="a">Incipit: "الحمد لله رب العالمين المحمود الطاهر المعبود ... بعد میگوید بنده ضعیف امیدوار پروردگار متعالی محمود طاهر غزالی بنظام مدرس مدرسه جلالی غفر الله له ... شناخته میشود معرفت المذاهب نام کردم ..."</subfield></datafield><datafield tag="500" ind1=" " ind2=" "><subfield code="a">Title from rubricated heading at opening on p.7.</subfield></datafield><datafield tag="500" ind1=" " ind2=" "><subfield code="a">Ms. codex.</subfield></datafield><datafield tag="520" ind1="8" ind2=" "><subfield code="a">Careful copy of the work on various Islamic sects by Maḥmūd Ṭāhir Ghazāli known as Niẓām-i Mudarris (fl. 14th cent. ?). Table of contents (فهرست) at opening (p.6). Contributions to the cataloguing from Ali Rafi.</subfield></datafield><datafield tag="538" ind1=" " ind2=" "><subfield code="a">Mode of access: Internet.</subfield></datafield><datafield tag="541" ind1=" " ind2=" "><subfield code="c">Gift ;</subfield><subfield code="a">Acquired from Frank E. Nuttall (1875-1943).</subfield></datafield><datafield tag="546" ind1=" " ind2=" "><subfield code="a">Persian.</subfield></datafield><datafield tag="561" ind1=" " ind2=" "><subfield code="a">Inscription in black ink on back flyleaf (p.26) with title and author "Risâla i maʻrifat ul mazâhib von Maḥmûd Ṭāhir Ghazzâlî" ; description and possible former inventory marks on lower pastedown "Treatise on the Muhammadan sects" ; a few marginal glosses and corrections.</subfield></datafield><datafield tag="650" ind1=" " ind2="0"><subfield code="a">Manuscripts, Persian</subfield><subfield code="z">Michigan</subfield><subfield code="z">Ann Arbor.</subfield></datafield><datafield tag="650" ind1=" " ind2="0"><subfield code="a">Sufism</subfield><subfield code="x">Doctrines</subfield><subfield code="v">Early works to 1800.</subfield></datafield><datafield tag="650" ind1=" " ind2="0"><subfield code="a">Sufism</subfield><subfield code="x">Rituals</subfield><subfield code="v">Early works to 1800.</subfield></datafield><datafield tag="650" ind1=" " ind2="0"><subfield code="a">Islamic sects</subfield><subfield code="v">Early works to 1800.</subfield></datafield><datafield tag="700" ind1="1" ind2=" "><subfield code="a">Nuttall, Frank E.,</subfield><subfield code="d">1875-1943,</subfield><subfield code="e">former owner.</subfield></datafield><datafield tag="773" ind1="0" ind2=" "><subfield code="a">F. E. Nuttall Collection.</subfield></datafield><datafield tag="880" ind1="1" ind2="0"><subfield code="6">245-03/</subfield><subfield code="a">رساله معرفت المذاهب,</subfield><subfield code="f">[قرن 19م؟].</subfield></datafield><datafield tag="880" ind1="0" ind2=" "><subfield code="6">100-01/</subfield><subfield code="a">محمود طاهر غزالى.</subfield></datafield><datafield tag="CID" ind1=" " ind2=" "><subfield code="a">006837258</subfield></datafield><datafield tag="DAT" ind1="0" ind2=" "><subfield code="a">20190719102641.0</subfield><subfield code="b">20190719000000.0</subfield></datafield><datafield tag="DAT" ind1="1" ind2=" "><subfield code="a">20190719090653.0</subfield><subfield code="b">2019-07-19T16:10:57Z</subfield></datafield><datafield tag="DAT" ind1="2" ind2=" "><subfield code="a">2015-10-02T18:00:03Z</subfield></datafield><datafield tag="CAT" ind1=" " ind2=" "><subfield code="a">SDR-MIU</subfield><subfield code="d">EX LIBRIS - ALEPH</subfield><subfield code="l">prepare.pl-004-008</subfield></datafield><datafield tag="FMT" ind1=" " ind2=" "><subfield code="a">BK</subfield></datafield><datafield tag="HOL" ind1=" " ind2=" "><subfield code="0">sdr-miu006837258</subfield><subfield code="a">MiU</subfield><subfield code="b">SDR</subfield><subfield code="c">MIU</subfield><subfield code="p">mdp.39015079132513</subfield><subfield code="s">MIU</subfield><subfield code="1">006837258</subfield></datafield><datafield tag="974" ind1=" " ind2=" "><subfield code="b">MIU</subfield><subfield code="c">MIU</subfield><subfield code="d">20190719</subfield><subfield code="s">lit-dlps-dc</subfield><subfield code="u">mdp.39015079132513</subfield><subfield code="y">1899</subfield><subfield code="r">pd</subfield><subfield code="q">exp</subfield></datafield></record></collection>